% This file was created with JabRef 2.8.
% Encoding: Cp1252

@ARTICLE{,
  author = {Barbee RA, Halonen M, Kaltenborn WT, Burrows B.},
  title = {A longitudinal study of respiratory symptoms in a community population
	sample. Correlations with smoking, allergen skin-test reactivity,
	and serum IgE},
  journal = {Chest},
  year = {1991},
  volume = {99(1)},
  pages = {20-26},
  note = {http://www.ncbi.nlm.nih.gov/pubmed/1984955},
  owner = {Ben},
  timestamp = {2012.05.12}
}

@ARTICLE{,
  author = {Burchfiel CM, Marcus EB, Curb JD, Maclean CJ, Vollmer WM, Johnson
	LR, Fong KO, Rodriguez BL, Masaka KH, Buist AS},
  title = {Effects of smoking and smoking cessation on longitudinal decline
	in pulmonary function},
  journal = {American Journal of Respiratory and Critical Care Medicine},
  year = {1995},
  volume = {151 (6)},
  pages = {1778-1785},
  note = {http://ajrccm.atsjournals.org/content/151/6/1778},
  owner = {Ben},
  timestamp = {2012.05.13}
}

@ARTICLE{,
  author = {Camilli AE, Burrows B, Knudson RJ, Lyle SK, Lebowitz MD},
  title = {Longitudinal changes in forced expiratory volume in one second in
	adults. Effects of smoking and smoking cessation},
  journal = {Am Rev Respir Dis},
  year = {1987},
  volume = {135 (4)},
  pages = {794-799},
  note = {http://www.ncbi.nlm.nih.gov/pubmed/3565927},
  owner = {Ben},
  timestamp = {2012.05.13}
}

@ARTICLE{,
  author = {Dirksen A, Dijkman JH, Madsen F, Stoel B, Hutchison DC, Ulrik CS,
	Skovgaard LT, Kok-Jensen A, Rudolphus A, Seersholm N, Vrooman HA,
	Reiber JH, Hansen NC, Heckscher T, Viskum K, Stolk J},
  title = {A randomized clinical trial of alpha(1)-antitrypsin augmentation
	therapy},
  journal = {Ame},
  year = {1999},
  volume = {160 (5 pt1)},
  pages = {1468-1472},
  note = {http://www.ncbi.nlm.nih.gov/pubmed/10556107},
  owner = {Ben},
  timestamp = {2012.05.16}
}

@ARTICLE{,
  author = {Downs SH, Schindler C, Liu LJ, et al},
  title = {Reduced Exposure to PM10 and Attenuated Age-Related Decline in Lung
	Function},
  journal = {New England Journal of Medicine},
  year = {2007},
  volume = {357},
  pages = {2338-2347},
  note = {http://re5qy4sb7x.search.serialssolutions.com/?url_ver=Z39.88-2004\&rft_val_fmt=info:ofi/fmt:kev:mtx:journal\&rfr_id=info:sid/Ovid:\&rft.genre=article\&rft_id=info:doi/\&rft_id=info:pmid/\&rft.issn=0028-4793\&rft.volume=357\&rft.issue=\&rft.spage=2338\&rft.pages=\&rft.date=2007\&rft.jtitle=New+England+Journal+of+Medicine\&rft.atitle=attenuated\&rft.aulast=},
  owner = {Ben},
  timestamp = {2012.05.10}
}

@ARTICLE{,
  author = {Gauderman WJ, Vora H, McConnell R, Berhane K, et al},
  title = {Effect of exposure to traffic on lung development from 10 to 18 years
	of age: a cohort study},
  journal = {The Lancet},
  year = {2007},
  volume = {369 (9561)},
  pages = {571-577},
  note = {http://re5qy4sb7x.search.serialssolutions.com/?url_ver=Z39.88-2004\&rft_val_fmt=info:ofi/fmt:kev:mtx:journal\&rfr_id=info:sid/Ovid:\&rft.genre=article\&rft_id=info:doi/\&rft_id=info:pmid/\&rft.issn=0140-6736\&rft.volume=369\&rft.issue=\&rft.spage=571\&rft.pages=\&rft.date=2007\&rft.jtitle=Lancet\&rft.atitle=development\&rft.aulast=},
  owner = {Ben},
  timestamp = {2012.05.10}
}

@ARTICLE{,
  author = {Greenwald GI, Tashkin DP, Gong H, Simmons M, Duann S, Furst DE, Clements
	P},
  title = {Longitudinal changes in lung function and respiratory symptoms in
	progressive systemic sclerosis : Prospective Study},
  journal = {The American Journal of Medicine},
  year = {1987},
  volume = {83, issue 1},
  pages = {83-92},
  note = {http://www.sciencedirect.com/science/article/pii/0002934387905018},
  owner = {Ben},
  timestamp = {2012.05.09}
}

@ARTICLE{,
  author = {Hayhurst MD, MacNee W, Flenley DC, Wright D, McLean A, Lamb D, Wightman
	AJ, Best J},
  title = {Diagnosis of pulmonary emphysema by computerised tomography},
  journal = {Lancet},
  year = {1984},
  volume = {2 (8398)},
  pages = {320-322},
  note = {http://www.ncbi.nlm.nih.gov/pubmed/6146866?dopt=Abstract},
  owner = {Ben},
  timestamp = {2012.05.28}
}

@ARTICLE{,
  author = {Kanner RE, Connett JE, Williams DE, Buist AS},
  title = {Effects of randomized assignment to a smoking cessation intervention
	and changes in smoking habits on respiratory symptoms in smokers
	with early chronic obstructive pulmonary disease: the Lung Health
	Study.},
  journal = {American Journal of Medicine},
  year = {1999},
  volume = {106(4)},
  pages = {410-416},
  note = {http://www.ncbi.nlm.nih.gov/pubmed/10225243},
  owner = {Ben},
  timestamp = {2012.05.12}
}

@ARTICLE{,
  author = {Kirby M, Mathew L, Wheatley A, Santyr GE, McCormack DG, Parraga G},
  title = {Chronic Obstructive Pulmonary Disease: Longitudinal Hyperpolarized
	3He MR Imaging},
  journal = {Radiology},
  year = {2010},
  volume = {256},
  pages = {280-289},
  note = {http://radiology.rsna.org/content/256/1/280.full},
  owner = {Ben},
  timestamp = {2012.05.09}
}

@ARTICLE{,
  author = {Krzyzanowski M, Jedrychowski W, Wysocki M},
  title = {Factors associated with the change in ventilatory function and the
	development of chronic obstructive pulmonary disease in a 13-year
	follow-up of the Cracow Study. Risk of chronic obstructive pulmonary
	disease},
  journal = {Am Rev Respir Dis},
  year = {1986},
  volume = {134 (5)},
  pages = {1011-1019},
  note = {http://www.ncbi.nlm.nih.gov/pubmed/3777663},
  owner = {Ben},
  timestamp = {2012.05.13}
}

@ARTICLE{,
  author = {de Lange EE, Mugler JP 3rd, Brookeman JR, et al},
  title = {Lung Air Spaces: MR Imaging Evaluation with Hyperpolarized 3He Gas},
  journal = {Radiology},
  year = {1999},
  volume = {210},
  pages = {851-857},
  note = {http://radiology.rsna.org/content/210/3/851.abstract?ijkey=1eba36458945022ef339ada6275fa5dc1a3c2c11\&keytype2=tf_ipsecsha},
  owner = {Ben},
  timestamp = {2012.05.28}
}

@ARTICLE{,
  author = {Lange P, Groth S, Nyboe J, Mortensen J, Appleyard M, Jensen G, Schnohr
	P},
  title = {Decline of the lung function related to the type of tobacco smoked
	and inhalation},
  journal = {Thorax},
  year = {1990},
  volume = {45 (1)},
  pages = {22-26},
  note = {http://www.ncbi.nlm.nih.gov/pmc/articles/PMC475634/},
  owner = {Ben},
  timestamp = {2012.05.12}
}

@ARTICLE{,
  author = {Ley S, Zaporozhan J, Morbach A, Eberle B, Gast KK, Heussel CP, Biedermann
	A, Mayer E, Schmiedeskamp J, Stepniak A, Schreiber WG, Kauczor HU},
  title = {Functional evaluation of emphysema using diffusion-weighted 3Helium-magnetic
	resonance imaging, high-resolution computed tomography, and lung
	function tests},
  journal = {Investigative Radiology},
  year = {2004},
  volume = {39 (7)},
  pages = {427-434},
  note = {http://www.ncbi.nlm.nih.gov/pubmed/15194914?dopt=Abstract},
  owner = {Ben},
  timestamp = {2012.05.28}
}

@ARTICLE{,
  author = {Love, RG and Miller, BG},
  title = {Longitudinal study of lung function in coal-miners},
  journal = {Thorax},
  year = {1982},
  volume = {37(3)},
  pages = {193-197},
  note = {http://www.ncbi.nlm.nih.gov/pmc/articles/PMC459281/},
  owner = {Ben},
  timestamp = {2012.05.08}
}

@ARTICLE{,
  author = {Newell JD, Hogg JC, Snider GL},
  title = {Report of a workshop: quantitative computed tomography scanning in
	longitudinal studies of emphysema},
  journal = {European Respiratory Journal},
  year = {2004},
  volume = {23 (5)},
  pages = {769-775},
  note = {http://erj.ersjournals.com/content/23/5/769},
  owner = {Ben},
  timestamp = {2012.05.28}
}

@ARTICLE{,
  author = {Ohara T, Hirai T, Sato S, Terada K, Kinose D, et al},
  title = {Longitudinal study of airway dimensions in chronic obstructive pulmonary
	disease using computed tomography},
  journal = {Respirology},
  year = {2008},
  volume = {13 (3)},
  pages = {372-378},
  owner = {Ben},
  timestamp = {2012.05.10}
}

@ARTICLE{,
  author = {Parr DG, Sevenoaks M, Deng C, Stoel BC, Stockley RA},
  title = {Detection of emphysema progression in alpha 1-antitrypsin deficiency
	using CT densitometry; Methodological advances},
  journal = {Respiratory Research},
  year = {2008},
  volume = {9(1)},
  note = {http://www.ncbi.nlm.nih.gov/pmc/articles/PMC2287169/},
  owner = {Ben},
  timestamp = {2012.05.16}
}

@ARTICLE{,
  author = {Pelkonen M, Notkola I, Tukiainen H, Tervahauta M, Tuomilehto J, Nissinen
	A},
  title = {Smoking cessation, decline in pulmonary function and total mortality:
	a 30 year follow up study among the Finnish cohorts of the Seven
	Countries Study},
  journal = {Thorax},
  year = {2001},
  volume = {56 (9)},
  pages = {703-707},
  note = {http://www.ncbi.nlm.nih.gov/pmc/articles/PMC1746131/},
  owner = {Ben},
  timestamp = {2012.05.13}
}

@ARTICLE{,
  author = {Remy-Jardin M, Edme JL, Boulenquez C, Remy J, Mastora I, Sobaszek
	A},
  title = {Longitudinal follow-up study of smoker's lung with thin-section CT
	in correlation with pulmonary function tests},
  journal = {Radiology},
  year = {2002},
  volume = {222 (1)},
  pages = {261-270},
  note = {http://www.ncbi.nlm.nih.gov/pubmed/11756735},
  owner = {Ben},
  timestamp = {2012.05.12}
}

@ARTICLE{,
  author = {Sears MR, Greene JM, Willan AR, Wiecek EM, Taylor DR, et al},
  title = {A Longitudinal, Population-Based, Cohort Study of Childhood Asthma
	Followed to Adulthood},
  journal = {New England Journal of Medicine},
  year = {2003},
  volume = {349},
  pages = {1414-1422},
  note = {http://re5qy4sb7x.search.serialssolutions.com/?\&url_ver=Z39.88-2004\&url_ctx_fmt=info:ofi/fmt:kev:mtx:ctx\&rft_val_fmt=info:ofi/fmt:kev:mtx:journal\&rft.atitle=A%20longitudinal%2C%20population-based%2C%20cohort%20study%20of%20childhood%20asthma%20followed%20to%20adulthood\&rft.aufirst=MR\&rft.aulast=Sears\&rft.date=2003\&rft.epage=1422\&rft.genre=article\&rft.issn=0028-4793\&rft.issue=15\&rft.jtitle=NEW%20ENGLAND%20JOURNAL%20OF%20MEDICINE\&rft.pages=1414-1422\&rft.spage=1414\&rft.stitle=NEW%20ENGL%20J%20MED\&rft.volume=349\&rfr_id=info:sid/www.isinet.com:WoK:UA\&rft.au=Greene%2C%20JM\&rft.au=Willan%2C%20AR\&rft.au=Wiecek%2C%20EM\&rft.au=Taylor%2C%20DR\&rft_id=info:doi/10%2E1056%2FNEJMoa022363},
  owner = {Ben},
  timestamp = {2012.05.10}
}

@ARTICLE{,
  author = {Sherman CB, Xu X, Speizer FE, Ferris Jr BG, Weiss ST, Dockery DW},
  title = {Longitudinal Lung Function Decline in Subjects with Respiratory Symptoms},
  journal = {American Journal of Respiratory and Critical Care Medicine},
  year = {1992},
  volume = {146 (4)},
  pages = {855-859},
  note = {http://ajrccm.atsjournals.org/content/146/4/855},
  owner = {Ben},
  timestamp = {2012.05.10}
}

@ARTICLE{,
  author = {Sherrill DL, Enright P, Cline M, Burrows B, Lebowitz MD},
  title = {Rates of decline in lung function among subjects who restart cigarette
	smoking},
  journal = {Chest},
  year = {1996},
  volume = {109 (4)},
  pages = {1001-1005},
  note = {http://www.ncbi.nlm.nih.gov/pubmed/8635322},
  owner = {Ben},
  timestamp = {2012.05.13}
}

@ARTICLE{,
  author = {Soejima K, Yamaguchi K, Kohda E, Takeshita K, Ito Y, et al},
  title = {Longitudinal Follow-up Study of Smoking-induced Lung Density Changes
	by High-resolution Computed Tomography},
  journal = {American Journal of Respiratory and Critical Care Medicine},
  year = {2000},
  volume = {161 (4)},
  pages = {1264-1273},
  owner = {Ben},
  timestamp = {2012.05.10}
}

@ARTICLE{,
  author = {Stolk J, Ng WH, Bakker ME, Reiber JH, Rabe KF, Putter H, Stoel BC},
  title = {Correlation between annual change in health status and computer tomography
	derived lung density in subjects with alpha1-antitrypsin deficiency},
  journal = {Thorax},
  year = {2003},
  volume = {58 (12)},
  pages = {1027-1030},
  note = {http://www.ncbi.nlm.nih.gov/pubmed/14645966},
  owner = {Ben},
  timestamp = {2012.05.16}
}

@ARTICLE{,
  author = {Stolk J, Putter H, Bakker EM, Shaker SB, Parr DG, Piitulainen E,
	Russi EW, Grebski E, Dirksen A, Stockley RA, Reiber JH, Stoel BC},
  title = {Progression parameters for emphysema: a clinical investigation},
  journal = {Respiratory Medicine},
  year = {2007},
  volume = {101 (9)},
  pages = {1924-1930},
  note = {http://www.ncbi.nlm.nih.gov/pubmed/17644366},
  owner = {Ben},
  timestamp = {2012.05.16}
}

@ARTICLE{,
  author = {Tanabe N, Muro S, Hirai T, Oguma T, Terada K, Marumo S, Kinose D,
	Ogawa E, Hoshino Y, Mishima M},
  title = {Impact of Exacerbations on Emphysema Progression in Chronic Obstructive
	Pulmonary Disease},
  journal = {American Journal of Respiratory and Critical Care Medicine},
  year = {2011},
  volume = {183 (12)},
  pages = {1653-1659},
  note = {http://ajrccm.atsjournals.org/content/183/12/1653.short},
  owner = {Ben},
  timestamp = {2012.05.16}
}

@ARTICLE{,
  author = {Tashkin DP, Altose MD, Connett JE, Kanner RE, Lee WW, Wise RA},
  title = {Methacholine reactivity predicts changes in lung function over time
	in smokers with early chronic obstructive pulmonary disease},
  journal = {American Journal of Respiratory and Critical Care Medicine},
  year = {1996},
  volume = {153 (6 pt 1)},
  pages = {1802-1811},
  note = {http://www.ncbi.nlm.nih.gov/pubmed/8665038},
  owner = {Ben},
  timestamp = {2012.05.10}
}

@ARTICLE{,
  author = {Tashkin DP, Clark VA, Coulson AH, Simmons M, Bourque LB, Reems C,
	Detels R, Sayre JW, Rokaw SN},
  title = {The UCLA population studies of chronic obstructive respiratory disease.
	VIII. Effects of smoking cessation on lung function: a prospective
	study of a free-living population.},
  journal = {Am Rev Respir Dis},
  year = {1984},
  volume = {130 (5)},
  pages = {707-715},
  note = {http://www.ncbi.nlm.nih.gov/pubmed/6497153},
  owner = {Ben},
  timestamp = {2012.05.13}
}

@ARTICLE{,
  author = {Vestbo J, Anderson W, Coxson HO, Crim C, Dawber F, et al},
  title = {Evaluation of COPD Longitudinally to Identify Predictive Surrogate
	End-points (ECLIPSE)},
  journal = {European Respiratory Journal},
  year = {2008},
  volume = {31 (4)},
  pages = {869-873},
  note = {http://erj.ersjournals.com/content/31/4/869.abstract?ijkey=46b5c2e8639530fbb5004978c1fdb69f5a85b149\&keytype2=tf_ipsecsha},
  owner = {Ben},
  timestamp = {2012.05.28}
}

@ARTICLE{,
  author = {Rom WN},
  title = {Accelerated loss of lung function and alveolitis in a longitudinal
	study of non-smoking individuals with occupational exposure to asbestos},
  journal = {American Journal of Industrial Medicine},
  year = {1992},
  volume = {21 (6)},
  pages = {835-844},
  note = {http://onlinelibrary.wiley.com/doi/10.1002/ajim.4700210606/abstract},
  owner = {Ben},
  timestamp = {2012.05.12}
}

@ARTICLE{,
  author = {Xu X, Dockery DW, Ware JH, Speizer FE, Ferris BG Jr.},
  title = {Effects of cigarette smoking on rate of loss of pulmonary function
	in adults: a longitudinal assessment.},
  journal = {Am Rev Respir Dis},
  year = {1992},
  volume = {146 (5 pt1)},
  pages = {1345-1348},
  note = {http://www.ncbi.nlm.nih.gov/pubmed/1443894},
  owner = {Ben},
  timestamp = {2012.05.13}
}

@comment{jabref-meta: selector_review:}

@comment{jabref-meta: selector_publisher:}

@comment{jabref-meta: selector_author:}

@comment{jabref-meta: selector_journal:}

@comment{jabref-meta: selector_keywords:}

